@book{whitehead1927principia,
  title={Principia mathematica to* 56},
  author={Whitehead, Alfred North and Russell, Bertrand},
  volume={2},
  year={1927},
  publisher={Cambridge University Press}
}